@article{DBLP:journals/corr/abs-2111-05328,
  author       = {Sylvestre{-}Alvise Rebuffi and
                  Sven Gowal and
                  Dan A. Calian and
                  Florian Stimberg and
                  Olivia Wiles and
                  Timothy A. Mann},
  title        = {Data Augmentation Can Improve Robustness},
  journal      = {CoRR},
  volume       = {abs/2111.05328},
  year         = {2021},
  url          = {https://arxiv.org/abs/2111.05328},
  eprinttype    = {arXiv},
  eprint       = {2111.05328},
  timestamp    = {Tue, 05 Apr 2022 14:09:44 +0200},
  biburl       = {https://dblp.org/rec/journals/corr/abs-2111-05328.bib},
  bibsource    = {dblp computer science bibliography, https://dblp.org}
}

@article{DBLP:journals/corr/abs-1803-05407,
  author       = {Pavel Izmailov and
                  Dmitrii Podoprikhin and
                  Timur Garipov and
                  Dmitry P. Vetrov and
                  Andrew Gordon Wilson},
  title        = {Averaging Weights Leads to Wider Optima and Better Generalization},
  journal      = {CoRR},
  volume       = {abs/1803.05407},
  year         = {2018},
  url          = {http://arxiv.org/abs/1803.05407},
  eprinttype    = {arXiv},
  eprint       = {1803.05407},
  timestamp    = {Mon, 13 Aug 2018 16:47:50 +0200},
  biburl       = {https://dblp.org/rec/journals/corr/abs-1803-05407.bib},
  bibsource    = {dblp computer science bibliography, https://dblp.org}
}

@article{DBLP:journals/corr/abs-2002-11569,
  author       = {Leslie Rice and
                  Eric Wong and
                  J. Zico Kolter},
  title        = {Overfitting in adversarially robust deep learning},
  journal      = {CoRR},
  volume       = {abs/2002.11569},
  year         = {2020},
  url          = {https://arxiv.org/abs/2002.11569},
  eprinttype    = {arXiv},
  eprint       = {2002.11569},
  timestamp    = {Wed, 16 Dec 2020 15:31:30 +0100},
  biburl       = {https://dblp.org/rec/journals/corr/abs-2002-11569.bib},
  bibsource    = {dblp computer science bibliography, https://dblp.org}
}

@article{DBLP:journals/corr/abs-1905-04899,
  author       = {Sangdoo Yun and
                  Dongyoon Han and
                  Seong Joon Oh and
                  Sanghyuk Chun and
                  Junsuk Choe and
                  Youngjoon Yoo},
  title        = {CutMix: Regularization Strategy to Train Strong Classifiers with Localizable
                  Features},
  journal      = {CoRR},
  volume       = {abs/1905.04899},
  year         = {2019},
  url          = {http://arxiv.org/abs/1905.04899},
  eprinttype    = {arXiv},
  eprint       = {1905.04899},
  timestamp    = {Tue, 28 May 2019 12:48:08 +0200},
  biburl       = {https://dblp.org/rec/journals/corr/abs-1905-04899.bib},
  bibsource    = {dblp computer science bibliography, https://dblp.org}
}

@article{DBLP:journals/corr/abs-2103-01946,
  author       = {Sylvestre{-}Alvise Rebuffi and
                  Sven Gowal and
                  Dan A. Calian and
                  Florian Stimberg and
                  Olivia Wiles and
                  Timothy A. Mann},
  title        = {Fixing Data Augmentation to Improve Adversarial Robustness},
  journal      = {CoRR},
  volume       = {abs/2103.01946},
  year         = {2021},
  url          = {https://arxiv.org/abs/2103.01946},
  eprinttype    = {arXiv},
  eprint       = {2103.01946},
  timestamp    = {Thu, 04 Mar 2021 17:00:40 +0100},
  biburl       = {https://dblp.org/rec/journals/corr/abs-2103-01946.bib},
  bibsource    = {dblp computer science bibliography, https://dblp.org}
}

@article{DBLP:journals/corr/abs-2110-09468,
  author       = {Sven Gowal and
                  Sylvestre{-}Alvise Rebuffi and
                  Olivia Wiles and
                  Florian Stimberg and
                  Dan Andrei Calian and
                  Timothy A. Mann},
  title        = {Improving Robustness using Generated Data},
  journal      = {CoRR},
  volume       = {abs/2110.09468},
  year         = {2021},
  url          = {https://arxiv.org/abs/2110.09468},
  eprinttype    = {arXiv},
  eprint       = {2110.09468},
  timestamp    = {Tue, 05 Apr 2022 14:09:44 +0200},
  biburl       = {https://dblp.org/rec/journals/corr/abs-2110-09468.bib},
  bibsource    = {dblp computer science bibliography, https://dblp.org}
}