@misc{deng2024multilingualjailbreakchallengeslarge,
      title={Multilingual Jailbreak Challenges in Large Language Models}, 
      author={Yue Deng and Wenxuan Zhang and Sinno Jialin Pan and Lidong Bing},
      year={2024},
      eprint={2310.06474},
      archivePrefix={arXiv},
      primaryClass={cs.CL},
      url={https://arxiv.org/abs/2310.06474}, 
}

@misc{li2023multistepjailbreakingprivacyattacks,
      title={Multi-step Jailbreaking Privacy Attacks on ChatGPT}, 
      author={Haoran Li and Dadi Guo and Wei Fan and Mingshi Xu and Jie Huang and Fanpu Meng and Yangqiu Song},
      year={2023},
      eprint={2304.05197},
      archivePrefix={arXiv},
      primaryClass={cs.CL},
      url={https://arxiv.org/abs/2304.05197}, 
}

@inproceedings{Deng_2024, series={NDSS 2024},
   title={MASTERKEY: Automated Jailbreaking of Large Language Model Chatbots},
   url={http://dx.doi.org/10.14722/ndss.2024.24188},
   DOI={10.14722/ndss.2024.24188},
   booktitle={Proceedings 2024 Network and Distributed System Security Symposium},
   publisher={Internet Society},
   author={Deng, Gelei and Liu, Yi and Li, Yuekang and Wang, Kailong and Zhang, Ying and Li, Zefeng and Wang, Haoyu and Zhang, Tianwei and Liu, Yang},
   year={2024},
   collection={NDSS 2024} 
}

@misc{zou2023universaltransferableadversarialattacks,
      title={Universal and Transferable Adversarial Attacks on Aligned Language Models}, 
      author={Andy Zou and Zifan Wang and Nicholas Carlini and Milad Nasr and J. Zico Kolter and Matt Fredrikson},
      year={2023},
      eprint={2307.15043},
      archivePrefix={arXiv},
      primaryClass={cs.CL},
      url={https://arxiv.org/abs/2307.15043}, 
}